

@article{chauhan2019review,
  title={A Review on Various Aspects of MongoDb Databases},
  author={Chauhan, Anjali},
  journal={International Journal of Engineering Research \& Technology (IJERT)},
  volume={8},
  number={05},
  pages={90--92},
  year={2019}
}

@article{kumar2016comparative,
  title={Comparative analysis of angularjs and reactjs},
  author={Kumar, Anurag and Singh, Ravi Kumar},
  journal={International Journal of Latest Trends in Engineering and Technology},
  volume={7},
  number={4},
  pages={225--227},
  year={2016}
}

@article{aggarwal2018modern,
  title={Modern web-development using reactjs},
  author={Aggarwal, Sanchit},
  journal={International Journal of Recent Research Aspects},
  volume={5},
  number={1},
  pages={2349--7688},
  year={2018}
}

@article{MongoDB,
author = {Krishnan, Hema and Elayidom, M.Sudheep and Santhanakrishnan, T.},
year = {2016},
month = {05},
pages = {1035-1037},
title = {MongoDB – a comparison with NoSQL databases},
volume = {7},
journal = {International Journal of Scientific and Engineering Research}
}

@article{singh2011impact,
  title={Impact of colors on the psychology of marketing—a comprehensive over view},
  author={Singh, Nayanika and Srivastava, SK},
  journal={Management and Labour Studies},
  volume={36},
  number={2},
  pages={199--209},
  year={2011},
  publisher={SAGE Publications Sage India: New Delhi, India}
}
 
@book{latexcompanion,
    author    = "Michel Goossens and Frank Mittelbach and Alexander Samarin",
    title     = "The \LaTeX\ Companion",
    year      = "1993",
    publisher = "Addison-Wesley",
    address   = "Reading, Massachusetts"
}
 
@misc{knuthwebsite,
    author    = "Donald Knuth",
    title     = "Knuth: Computers and Typesetting",
    url       = "http://www-cs-faculty.stanford.edu/\~{}uno/abcde.html"
}

@github{githublink,
    author    = "Aaron Moran and Conor Shortt and Thomas Kenny",
    title     = "GitHub repository : Zoosh.",
    url       = "https://github.com/applied-project-2020/zoosh"
}

@react-bootstrap{react-bootstrap,
    title     = "React Bootstrap",
    url       = "https://react-bootstrap.github.io/"
}

@react-icons{react-icons,
    title     = "React Icons",
    url       = "https://react-icons.github.io/react-icons/"
}

@figma{figma,
    title     = "Figma UI & UX tool.",
    url       = "https://www.figma.com/files/recent?fuid=899606574753017180"
}